<record><leader>00000cas a22000007a 4500</leader><controlfield tag="001">11794879</controlfield><controlfield tag="008">850312d19291935iaudn ne      0    0eng d</controlfield><datafield ind1=" " ind2=" " tag="010"><subfield code="a">sn 85050762 </subfield></datafield><datafield ind1=" " ind2=" " tag="040"><subfield code="a">INP</subfield><subfield code="b">eng</subfield><subfield code="c">INP</subfield><subfield code="d">OCLCQ</subfield></datafield><datafield ind1=" " ind2=" " tag="042"><subfield code="a">msc</subfield></datafield><datafield ind1="0" ind2="0" tag="245"><subfield code="a">Ames daily tribune-times.</subfield></datafield><datafield ind1=" " ind2=" " tag="260"><subfield code="a">Ames, Iowa :</subfield><subfield code="b">Tribune Pub. Co.,</subfield><subfield code="c">1929-1935.</subfield></datafield><datafield ind1=" " ind2=" " tag="300"><subfield code="a">7 v. :</subfield><subfield code="b">ill.</subfield></datafield><datafield ind1=" " ind2=" " tag="310"><subfield code="a">Daily (except Sunday)</subfield></datafield><datafield ind1="0" ind2=" " tag="362"><subfield code="a">Vol. 63, no. 153 (Dec. 30, 1929)-v. 69, no. 90 (Oct. 15, 1935).</subfield></datafield><datafield ind1=" " ind2=" " tag="500"><subfield code="a">"Tenth anniversary edition" published Aug. 31, 1931.</subfield></datafield><datafield ind1=" " ind2=" " tag="500"><subfield code="a">Publisher varies.</subfield></datafield><datafield ind1=" " ind2=" " tag="752"><subfield code="a">United States</subfield><subfield code="b">Iowa</subfield><subfield code="c">Story</subfield><subfield code="d">Ames.</subfield></datafield><datafield ind1="0" ind2="0" tag="780"><subfield code="t">Ames daily tribune and evening times</subfield><subfield code="w">(DLC)sn 85050761</subfield></datafield><datafield ind1="0" ind2="0" tag="785"><subfield code="t">Ames daily tribune and times</subfield><subfield code="w">(DLC)sn 85050763</subfield></datafield></record>